@article{pearson1894contributions,
  title={Contributions to the mathematical theory of evolution},
  author={Pearson, Karl},
  journal={Philosophical Transactions of the Royal Society of London. A},
  volume={185},
  pages={71--110},
  year={1894},
  publisher={JSTOR}
}

@misc{bankrupcy,
	title = {Retail bankruptcies march toward post-recession high},
	author={Krystina Gustafson},
	year={2017},
	howpublished = {\url{http://www.cnbc.com/2017/03/31/retail-bankruptcies-march-toward-post-recession-high.html}},
}

@article{king2004modeling,
  title={Modeling productivity in supermarket operations: incorporating the impacts of store characteristics and information technologies},
  author={King, Robert P and Park, Timothy A and others},
  journal={Journal of Food Distribution Research},
  volume={35},
  pages={42--55},
  year={2004},
  publisher={FDRS FOOD DISTRIBUTION RESEARCH SOCIETY}
}

@misc{bus1,
	title = {Top 10 Retail Technology Investments in 2017},
	author={Joe Skorupa},
	year={2017},
	howpublished = {\url{https://risnews.com/top-10-retail-technology-investments-2017}},
}

@article{rigby2011future,
  title={The future of shopping},
  author={Rigby, Darrell},
  journal={Harvard Business Review},
  volume={89},
  number={12},
  pages={65--76},
  year={2011}
}

@article{nash2013customer,
  title={Customer Experience 2.0: How Data, Technology, and Advanced Analytics are Taking an Integrated, Seamless Customer Experience to the Next Frontier},
  author={Nash, Dave and Armstrong, Doug and Robertson, Michael},
  journal={Medill Department of Integrated Marketing Communications},
  volume={32},
  year={2013}
}

@misc{MGI2016,
	title = {The age of analytics: Competing in a data-driven world},
	author = {Henke, N. and Bughin, J. and Chui, M. and Manyika, J. and Saleh, T. and Wiseman, B. and Sethupathy, G.},
	howpublished = "\url{http://www.mckinsey.com/business-functions/mckinsey-analytics/our-insights/the-age-of-analytics-competing-in-a-data-driven-world}",
	year = {2016}, 
}

@article{yu2009assessment,
  title={An assessment of operational efficiency of retail firms in China},
  author={Yu, Wantao and Ramanathan, Ramakrishnan},
  journal={Journal of Retailing and Consumer Services},
  volume={16},
  number={2},
  pages={109--122},
  year={2009},
  publisher={Elsevier}
}

@article{bucklin1999commercial,
  title={Commercial use of UPC scanner data: Industry and academic perspectives},
  author={Bucklin, Randolph E and Gupta, Sunil},
  journal={Marketing Science},
  volume={18},
  number={3},
  pages={247--273},
  year={1999},
  publisher={INFORMS}
}

@article{thomas1998process,
  title={A process for evaluating retail store efficiency: a restricted DEA approach},
  author={Thomas, Rhonda R and Barr, Richard S and Cron, William L and Slocum, John W},
  journal={International Journal of Research in Marketing},
  volume={15},
  number={5},
  pages={487--503},
  year={1998},
  publisher={Elsevier}
}

@incollection{parsons1994productivity,
  title={Productivity versus relative efficiency in marketing: past and future?},
  author={Parsons, Leonard J},
  booktitle={Research traditions in marketing},
  pages={169--200},
  year={1994},
  publisher={Springer}
}

@article{balakrishnan1994efficiency,
  title={Efficiency evaluation of retail outlet networks},
  author={Balakrishnan, PV and Desai, Anand and Storbeck, James Edward},
  journal={Environment and Planning B: Planning and Design},
  volume={21},
  number={4},
  pages={477--488},
  year={1994},
  publisher={SAGE Publications Sage UK: London, England}
}

@article{jain1979evaluating,
  title={Evaluating the competitive environment in retailing using multiplicative competitive interactive models},
  author={Jain, Arun K and Mahajan, Vijay},
  journal={Research in marketing},
  volume={2},
  pages={217--235},
  year={1979},
  publisher={Greenwich, CT, JAI Press}
}

@article{walters1988structural,
  title={A structural equations analysis of the impact of price promotions on store performance},
  author={Walters, Rockney G and MacKenzie, Scott B},
  journal={Journal of marketing research},
  pages={51--63},
  year={1988},
  publisher={JSTOR}
}

@article{pauler2009assessing,
  title={Assessing store performance models},
  author={Pauler, Gabor and Trivedi, Minakshi and Gauri, Dinesh Kumar},
  journal={European Journal of Operational Research},
  volume={197},
  number={1},
  pages={349--359},
  year={2009},
  publisher={Elsevier}
}

@article{biondi2013new,
  title={A new approach for assessing dealership performance: An application for the automotive industry},
  author={Biondi, Stefano and Calabrese, Armando and Capece, Guendalina and Costa, Roberta and Di Pillo, Francesca},
  journal={International Journal of Engineering Business Management},
  volume={5},
  pages={18},
  year={2013},
  publisher={SAGE Publications Sage UK: London, England}
}


@article{diebolt1994estimation,
	title={Estimation of finite mixture distributions through Bayesian sampling},
	author={Diebolt, Jean and Robert, Christian P},
	journal={Journal of the Royal Statistical Society. Series B (Methodological)},
	pages={363--375},
	year={1994},
	publisher={JSTOR}
}

@article{DEVEAUX1989,
	title = "Mixtures of linear regressions",
	journal = "Computational Statistics \& Data Analysis",
	volume = "8",
	number = "3",
	pages = "227 - 245",
	year = "1989",
	note = "",
	author = "Richard D. De Veaux",
	
}
@article{geweke2011hierarchical,
	title={Hierarchical Markov normal mixture models with applications to financial asset returns},
	author={Geweke, John and Amisano, Gianni},
	journal={Journal of Applied Econometrics},
	volume={26},
	number={1},
	pages={1--29},
	year={2011},
	publisher={Wiley Online Library}
}

@incollection{fox2010retail,
	title={Retail competition},
	author={Fox, Edward J and Sethuraman, Raj},
	booktitle={Retailing in the 21st Century},
	pages={239--254},
	year={2010},
	publisher={Springer}
}

@article{ignence,
	author={Ingene,Charles A.},
	year={1982},
	title={Labor Productivity in Retailing},
	journal={Journal of Marketing (pre-1986)},
	volume={46},
	number={000004},
	pages={75},
	isbn={00222429},
}

@article{ghosh1984,
	author = {Craig, C. Samuel and Ghosh, Avijit and McLafferty, Sara},
	ISSN = {00224359},
	Journal = {Journal of Retailing},
	Number = {1},
	Pages = {5},
	Title = {Models of the Retail Location Process: A Review.},
	Volume = {60},
	Year = {1984},
}

@article{ingene1980market,
	title={Market selection decisions for department stores},
	author={Ingene, Charles A and Lusch, Robert F},
	journal={Journal of Retailing},
	volume={56},
	number={3},
	pages={21--40},
	year={1980},
	publisher={JAI PRESS INC 55 OLD POST RD-\# 2, PO BOX 1678, GREENWICH, CT 06836-1678}
}

@article{lord1981use,
	title={THE USE OF REGRESSION-MODELS IN STORE LOCATION RESEARCH-A REVIEW AND CASE-STUDY},
	author={Lord, J Dennis and Lynds, Charles D},
	journal={Akron Business and Economic Review},
	volume={12},
	number={2},
	pages={13--19},
	year={1981},
	publisher={AKRON BUS ECON REV UNIV AKRON, KOLBE HALL, AKRON, OH 44325}
}

@article{kumar2000effect,
	title={The effect of retail store environment on retailer performance},
	author={Kumar, Vipin and Karande, Kiran},
	journal={Journal of Business Research},
	volume={49},
	number={2},
	pages={167--181},
	year={2000},
	publisher={Elsevier}
}

@article{charnes1978measuring,
	title={Measuring the efficiency of decision making units},
	author={Charnes, Abraham and Cooper, William W and Rhodes, Edwardo},
	journal={European journal of operational research},
	volume={2},
	number={6},
	pages={429--444},
	year={1978},
	publisher={Elsevier}
}

@article{donthu1998retail,
	title={Retail productivity assessment using data envelopment analysis},
	author={Donthu, Naveen and Yoo, Boonghee},
	journal={Journal of retailing},
	volume={74},
	number={1},
	pages={89--105},
	year={1998},
	publisher={Elsevier}
}

@article{vyt2008retail,
	title={Retail network performance evaluation: a DEA approach considering retailers' geomarketing},
	author={Vyt, Dany},
	journal={International Review of Retail},
	volume={18},
	number={2},
	pages={235--253},
	year={2008},
	publisher={Taylor \& Francis}
}

@article{christensen1976economies,
	title={Economies of scale in US electric power generation},
	author={Christensen, Laurits R and Greene, William H},
	journal={Journal of political Economy},
	volume={84},
	number={4, Part 1},
	pages={655--676},
	year={1976},
	publisher={The University of Chicago Press}
}

@article{caves1982economic,
	title={The economic theory of index numbers and the measurement of input, output, and productivity},
	author={Caves, Douglas W and Christensen, Laurits R and Diewert, W Erwin},
	journal={Econometrica: Journal of the Econometric Society},
	pages={1393--1414},
	year={1982},
	publisher={JSTOR}
}

@article{weill2013bank,
	title={Bank competition in the EU: How has it evolved?},
	author={Weill, Laurent},
	journal={Journal of International Financial Markets, Institutions and Money},
	volume={26},
	pages={100--112},
	year={2013},
	publisher={Elsevier}
}

@article{daglish2015translog,
	title={Translog Cost Function Estimation: Banking Efficiency},
	author={Daglish, Toby and Robertson, Oliver and Tripe, David and Weill, Laurent},
	year={2015}
}

@article{ray1982translog,
	title={A translog cost function analysis of US agriculture, 1939--77},
	author={Ray, Subhash C},
	journal={American Journal of Agricultural Economics},
	volume={64},
	number={3},
	pages={490--498},
	year={1982},
	publisher={Oxford University Press}
}

@article{capalbo2015review,
	title={A review of the evidence on agricultural productivity},
	author={Capalbo, Susan M and Vo, Trang T},
	journal={Agricultural productivity: Measurement and explanation},
	pages={96},
	year={2015},
	publisher={Routledge}
}

@article{mccarthy2014us,
	title={US Airport Costs and Production Technology A Translog Cost Function Analysis},
	author={McCarthy, Patrick},
	journal={Journal of Transport Economics and Policy (JTEP)},
	volume={48},
	number={3},
	pages={427--447},
	year={2014},
	publisher={Journal of Transport Economics and Policy}
}

@article{atilgan2015cost,
	title={The cost efficiency of Turkish hospitals: a stochastic frontier analysis},
	author={Atilgan, Emre and {\c{C}}ali{\c{s}}kan, Zafer and others},
	journal={Iktisat Isletme ve Finans},
	volume={30},
	number={355},
	pages={09--30},
	year={2015},
	publisher={Bilgesel Yayincilik}
}

@article{ngai2009application,
	title={Application of data mining techniques in customer relationship management: A literature review and classification},
	author={Ngai, Eric WT and Xiu, Li and Chau, Dorothy CK},
	journal={Expert systems with applications},
	volume={36},
	number={2},
	pages={2592--2602},
	year={2009},
	publisher={Elsevier}
}

@article{kamakura1996productivity,
	title={Productivity assessment of multiple retail outlets},
	author={Kamakura, Thomasz L and Ratchfrord, Brain T},
	journal={Journal of retailing},
	volume={72},
	number={4},
	pages={333--356},
	year={1996},
	publisher={Elsevier}
}

@incollection{longbing2009introduction,
	title={Introduction to domain driven data mining},
	author={Longbing, Cao},
	booktitle={Data mining for business applications},
	pages={3--10},
	year={2009},
	publisher={Springer}
}

@incollection{yang2009post,
	title={Post-processing data mining models for actionability},
	author={Yang, Qiang},
	booktitle={Data mining for business applications},
	pages={11--30},
	year={2009},
	publisher={Springer}
}

@incollection{guha2016clustering,
	title={Clustering data streams},
	author={Guha, Sudipto and Mishra, Nina},
	booktitle={Data Stream Management},
	pages={169--187},
	year={2016},
	publisher={Springer}
}

@article{xu2005survey,
	title={Survey of clustering algorithms},
	author={Xu, Rui and Wunsch, Donald},
	journal={IEEE Transactions on neural networks},
	volume={16},
	number={3},
	pages={645--678},
	year={2005},
	publisher={Ieee}
}

@misc{bohning2007advances,
	title={Advances in mixture models},
	author={B{\"o}hning, Dankmar and Seidel, Wilfried and Alf{\'o}, Macro and Garel, Bernard and Patilea, Valentin and Walther, G{\"u}nther},
	year={2007},
	publisher={North-Holland}
}

@article{dinov2008expectation,
	title={Expectation maximization and mixture modeling tutorial},
	author={Dinov, Ivo D},
	journal={Statistics Online Computational Resource},
	year={2008}
}

@article{shen2006stochastic,
	title={A stochastic-variational model for soft Mumford-Shah segmentation},
	author={Shen, Jianhong Jackie},
	journal={International Journal of Biomedical Imaging},
	volume={2006},
	year={2006},
	publisher={Hindawi Publishing Corporation}
}

@inproceedings{chang2013parallel,
	title={Parallel sampling of DP mixture models using sub-cluster splits},
	author={Chang, Jason and Fisher III, John W},
	booktitle={Advances in Neural Information Processing Systems},
	pages={620--628},
	year={2013}
}

@article{matsui2017multi,
	title={Multi-subgroup gene screening using semi-parametric hierarchical mixture models and the optimal discovery procedure: Application to a randomized clinical trial in multiple myeloma},
	author={Matsui, Shigeyuki and Noma, Hisashi and Qu, Pingping and Sakai, Yoshio and Matsui, Kota and Heuck, Christoph and Crowley, John},
	journal={Biometrics},
	year={2017},
	publisher={Wiley Online Library}
}

@article{fmmMS1,
author={Tuma,Michael and Decker,Reinhold},
year={2013},
month={05},
title={Finite Mixture Models in Market Segmentation: A Review and Suggestions for Best Practices},
journal={Electronic Journal of Business Research Methods},
volume={11},
number={1},
pages={2-15}
}

@article{viele2002modeling,
	title={Modeling with mixtures of linear regressions},
	author={Viele, Kert and Tong, Barbara},
	journal={Statistics and Computing},
	volume={12},
	number={4},
	pages={315--330},
	year={2002},
	publisher={Springer}
}
%% Saved with string encoding Unicode (UTF-8) 

@article{baker1992experimental,
	title={An experimental approach to making retail store environmental decisions},
	author={Baker, Julie and Levy, Michael and Grewal, Dhruv},
	journal={Journal of retailing},
	volume={68},
	number={4},
	pages={445},
	year={1992},
	publisher={New York University}
}

@article{hong2013,
	Author = {Hong, Weiyin and L. Thong, James Y.},
	ISSN = {02767783},
	Journal = {MIS Quarterly},
	Number = {1},
	Pages = {275 - 298},
	Title = {INTERNET PRIVACY CONCERNS: AN INTEGRATED CONCEPTUALIZATION AND FOUR EMPIRICAL STUDIES.},
	Volume = {37},
	Year = {2013},
}
@article{sun2017business,
	title={Business analytics-based enterprise information systems},
	author={Sun, Zhaohao and Strang, Kenneth and Firmin, Sally},
	journal={Journal of Computer Information Systems},
	volume={57},
	number={2},
	pages={169--178},
	year={2017},
	publisher={Taylor \& Francis}
}

@article {JBL,
	author = {Schoenherr, Tobias and Speier-Pero, Cheri},
	title = {Data Science, Predictive Analytics, and Big Data in Supply Chain Management: Current State and Future Potential},
	journal = {Journal of Business Logistics},
	volume = {36},
	number = {1},
	issn = {2158-1592},
	url = {http://dx.doi.org/10.1111/jbl.12082},
	doi = {10.1111/jbl.12082},
	pages = {120--132},
	keywords = {data science, predictive analytics, big data, data scientist, supply chain management, education, curriculum development},
	year = {2015},
}

@article{thomas1998process,
	title={A process for evaluating retail store efficiency: a restricted DEA approach},
	author={Thomas, Rhonda R and Barr, Richard S and Cron, William L and Slocum, John W},
	journal={International Journal of Research in Marketing},
	volume={15},
	number={5},
	pages={487--503},
	year={1998},
	publisher={Elsevier}
}

@article{steinhaus1956division,
	title={Sur la division des corp materiels en parties},
	author={Steinhaus, Hugo},
	journal={Bull. Acad. Polon. Sci},
	volume={1},
	number={804},
	pages={801},
	year={1956}
}

@inproceedings{lusch1979predictive,
	title={The predictive validity of alternative measures of inputs and outputs in retail production functions},
	author={Lusch, Robert F and Ingene, Charles A},
	booktitle={Proceedings of the 1979 Educators’ Conference},
	pages={330--333},
	year={1979}
}

@book{bucklin2011productivity,
	title={Productivity in marketing},
	author={Bucklin, Louis P},
	year={2011},
	publisher={Marketing Classics Press}
}

@article{newcomb1886generalized,
	title={A generalized theory of the combination of observations so as to obtain the best result},
	author={Newcomb, Simon},
	journal={American Journal of Mathematics},
	pages={343--366},
	year={1886},
	publisher={JSTOR}
}

@article{de1989mixtures,
	title={Mixtures of linear regressions},
	author={De Veaux, Richard D},
	journal={Computational Statistics \& Data Analysis},
	volume={8},
	number={3},
	pages={227--245},
	year={1989},
	publisher={Elsevier}
}

@article{quandt1978estimating,
	title={Estimating mixtures of normal distributions and switching regressions},
	author={Quandt, Richard E and Ramsey, James B},
	journal={Journal of the American statistical Association},
	volume={73},
	number={364},
	pages={730--738},
	year={1978},
	publisher={Taylor \& Francis}
}

@article{reynolds1995robust,
	title={Robust text-independent speaker identification using Gaussian mixture speaker models},
	author={Reynolds, Douglas and Rose, Richard C and others},
	journal={Speech and Audio Processing, IEEE Transactions on},
	volume={3},
	number={1},
	pages={72--83},
	year={1995},
	publisher={IEEE}
}

@inproceedings{permuter2003gaussian,
	title={Gaussian mixture models of texture and colour for image database retrieval},
	author={Permuter, H and Francos, J and others},
	booktitle={Acoustics, Speech, and Signal Processing, 2003. Proceedings.(ICASSP'03). 2003 IEEE International Conference on},
	volume={3},
	pages={III--569},
	year={2003},
	organization={IEEE}
}

@book{lemke2006term,
	title={Term structure modeling and estimation in a state space framework},
	author={Lemke, Wolfgang},
	volume={565},
	year={2006},
	publisher={Springer Science \& Business Media}
}

@inproceedings{stylianou2005gmm,
	title={Gmm-based multimodal biometric verification},
	author={Stylianou, Yannis and Pantazis, Yannis and Calderero, Felipe and Larroy, Pedro and Severin, Francois and Schimke, Sascha and Bonal, Rolando and Matta, Federico and Valsamakis, Athanasios},
	booktitle={eNTERFACE 2005 The summer Workshop on Multimodal Interfaces July 18th--August 12th, Facult{\`e} Polytechnique de Mons, Belgium},
	year={2005}
}

@book{bohning2000computer,
	title={Computer-assisted analysis of mixtures and applications: meta-analysis, disease mapping and others},
	author={B{\"o}hning, Dankmar},
	volume={81},
	year={2000},
	publisher={CRC press}
}

@book{mclachlan2004finite,
	title={Finite mixture models},
	author={McLachlan, Geoffrey and Peel, David},
	year={2004},
	publisher={John Wiley \& Sons}
}

@incollection{bierbrauer2004modeling,
	title={Modeling electricity prices with regime switching models},
	author={Bierbrauer, Michael and Tr{\"u}ck, Stefan and Weron, Rafa{\l}},
	booktitle={Computational Science-ICCS 2004},
	pages={859--867},
	year={2004},
	publisher={Springer}
}

@article{bar1978tracking,
	title={Tracking methods in a multitarget environment},
	author={Bar-Shalom, Yaakov},
	journal={Automatic Control, IEEE Transactions on},
	volume={23},
	number={4},
	pages={618--626},
	year={1978},
	publisher={IEEE}
}

@article{tuma2013finite,
	title={Finite mixture models in market segmentation: a review and suggestions for best practices},
	author={Tuma, Michael and Decker, Reinhold},
	journal={Electronic Journal of Business Research Methods},
	volume={11},
	number={1},
	year={2013}
}

@article{mortierfinite,
	title={Finite mixture of regression model and adaptive lasso selection approaches to predict growth, mortality and recruitment of tropical tree species},
	author={MORTIER, F and OU, DY and PICARD, N}
}

@article{andrews2003retention,
	title={Retention of latent segments in regression-based marketing models},
	author={Andrews, Rick L and Currim, Imran S},
	journal={International Journal of Research in Marketing},
	volume={20},
	number={4},
	pages={315--321},
	year={2003},
	publisher={Elsevier}
}

@article{dempster1977maximum,
	title={Maximum likelihood from incomplete data via the EM algorithm},
	author={Dempster, Arthur P and Laird, Nan M and Rubin, Donald B},
	journal={Journal of the royal statistical society. Series B (methodological)},
	pages={1--38},
	year={1977},
	publisher={JSTOR}
}

@article{celeux1985sem,
	title={The SEM algorithm: a probabilistic teacher algorithm derived from the EM algorithm for the mixture problem},
	author={Celeux, Gilles and Diebolt, Jean},
	journal={Computational statistics quarterly},
	volume={2},
	number={1},
	pages={73--82},
	year={1985}
}

@article{celeux1992classification,
	title={A classification EM algorithm for clustering and two stochastic versions},
	author={Celeux, Gilles and Govaert, G{\'e}rard},
	journal={Computational statistics \& Data analysis},
	volume={14},
	number={3},
	pages={315--332},
	year={1992},
	publisher={Elsevier}
}

@article{faria2010fitting,
	title={Fitting mixtures of linear regressions},
	author={Faria, Susana and Soromenho, Gilda},
	journal={Journal of Statistical Computation and Simulation},
	volume={80},
	number={2},
	pages={201--225},
	year={2010},
	publisher={Taylor \& Francis}
}

@article{diebolt1994estimation,
	title={Estimation of finite mixture distributions through Bayesian sampling},
	author={Diebolt, Jean and Robert, Christian P},
	journal={Journal of the Royal Statistical Society. Series B (Methodological)},
	pages={363--375},
	year={1994},
	publisher={JSTOR}
}

@article{hurn2003estimating,
	title={Estimating mixtures of regressions},
	author={Hurn, Merrilee and Justel, Ana and Robert, Christian P},
	journal={Journal of Computational and Graphical Statistics},
	volume={12},
	number={1},
	pages={55--79},
	year={2003},
	publisher={Taylor \& Francis}
}

@InProceedings{Akaike1973,
	author = {H. Akaike},
	title = {Information theory and an extension of the maximum likelihood principle},
	editor = {B. N. Petrov and F. Csaki},
	booktitle = {2nd International Symposium on Information Theory},
	pages = {267-281},
	year = {1973},
	location = {Budapest: Akademiai Kiado} 
}

@article{schwarz1978estimating,
	title={Estimating the dimension of a model},
	author={Schwarz, Gideon and others},
	journal={The annals of statistics},
	volume={6},
	number={2},
	pages={461--464},
	year={1978},
	publisher={Institute of Mathematical Statistics}
}

@article{infocr2014,
	title={The Information Criterion},
	author={Ghahramani M.},
	journal={Journal of Modern Applied Statistical Methods},
	volume={13},
	number={2},
	pages={444--454},
	year={2014},
	publisher={Wayne State University Library System}
}

@book{burnham2002model,
	title={Model selection and multimodel inference: a practical information-theoretic approach},
	author={Burnham, Kenneth P and Anderson, David R},
	year={2002},
	publisher={Springer Science \& Business Media}
}

@article{burnham2004multimodel,
	title={Multimodel inference understanding AIC and BIC in model selection},
	author={Burnham, Kenneth P and Anderson, David R},
	journal={Sociological methods \& research},
	volume={33},
	number={2},
	pages={261--304},
	year={2004},
	publisher={Sage Publications}
}

@article{raftery2006variable,
	title={Variable selection for model-based clustering},
	author={Raftery, Adrian E and Dean, Nema},
	journal={Journal of the American Statistical Association},
	volume={101},
	number={473},
	pages={168--178},
	year={2006},
	publisher={Taylor \& Francis}
}

@article{naik2007extending,
	title={Extending the Akaike information criterion to mixture regression models},
	author={Naik, Prasad A and Shi, Peide and Tsai, Chih-Ling},
	journal={Journal of the American Statistical Association},
	volume={102},
	number={477},
	pages={244--254},
	year={2007},
	publisher={Taylor \& Francis}
}

@article{efroymson1960multiple,
	title={Multiple regression analysis},
	author={Efroymson, MA},
	journal={Mathematical methods for digital computers},
	volume={1},
	pages={191--203},
	year={1960},
	publisher={Wiley: New York}
}

@article{guo2010pairwise,
	title={Pairwise Variable Selection for High-Dimensional Model-Based Clustering},
	author={Guo, Jian and Levina, Elizaveta and Michailidis, George and Zhu, Ji},
	journal={Biometrics},
	volume={66},
	number={3},
	pages={793--804},
	year={2010},
	publisher={Wiley Online Library}
}

@article{chaganty2013spectral,
	title={Spectral experts for estimating mixtures of linear regressions},
	author={Chaganty, Arun Tejasvi and Liang, Percy},
	journal={arXiv preprint arXiv:1306.3729},
	year={2013}
}

@article{xie2008variable,
	title={Variable Selection in Penalized Model-Based Clustering Via Regularization on Grouped Parameters},
	author={Xie, Benhuai and Pan, Wei and Shen, Xiaotong},
	journal={Biometrics},
	volume={64},
	number={3},
	pages={921--930},
	year={2008},
	publisher={Wiley Online Library}
}

@article{devijver2014finite,
	title={Finite mixture regression: A sparse variable selection by model selection for clustering},
	author={Devijver, Emilie},
	journal={arXiv preprint arXiv:1409.1331},
	year={2014}
}

@article{zhou2009penalized,
	title={Penalized model-based clustering with unconstrained covariance matrices},
	author={Zhou, Hui and Pan, Wei and Shen, Xiaotong},
	journal={Electronic journal of statistics},
	volume={3},
	pages={1473},
	year={2009},
	publisher={NIH Public Access}
}

@book{deb2001multi,
	title={Multi-objective optimization using evolutionary algorithms},
	author={Deb, Kalyanmoy},
	volume={16},
	year={2001},
	publisher={John Wiley \& Sons}
}

@Manual{softImpute,
	title = {softImpute: Matrix Completion via Iterative Soft-Thresholded SVD},
	author = {Trevor Hastie and Rahul Mazumder},
	year = {2015},
	note = {R package version 1.4},
	url = {http://CRAN.R-project.org/package=softImpute},
}

@article{chaganty2013spectral,
	title={Spectral experts for estimating mixtures of linear regressions},
	author={Chaganty, Arun Tejasvi and Liang, Percy},
	journal={arXiv preprint arXiv:1306.3729},
	year={2013}
}

@article{deb2014evolutionary,
	title={An evolutionary many-objective optimization algorithm using reference-point-based nondominated sorting approach, part I: solving problems with box constraints},
	author={Deb, Kaushik and Jain, Himanshu},
	journal={Evolutionary Computation, IEEE Transactions on},
	volume={18},
	number={4},
	pages={577--601},
	year={2014},
	publisher={IEEE}
}

@article{tibshirani1996regression,
	title={Regression shrinkage and selection via the lasso},
	author={Tibshirani, Robert},
	journal={Journal of the Royal Statistical Society. Series B (Methodological)},
	pages={267--288},
	year={1996},
	publisher={JSTOR}
}

@article{MSwithChoice-based,
	ISSN = {09230645, 1573059X},
	URL = {http://www.jstor.org/stable/40216367},
	author = {Wayne S. Desarbo and Venkatram Ramaswamy and Steven H. Cohen},
	journal = {Marketing Letters},
	number = {2},
	pages = {137-147},
	publisher = {Springer},
	title = {Market Segmentation with Choice-Based Conjoint Analysis},
	volume = {6},
	year = {1995}
}

@inbook{perbet_stenger_maki, 
	place={London}, 
	title={British Machine Vision Conference}, 
	author={Perbet, Frank and Stenger, Bjorn and Maki, Atsuto}
} 

@article{benefitSegment, 
	title={Benefit Segmentation by Factor Analysis: An improved method of targeting customers for financial services}, 
	author={Raj Sing, Minhas, and Everett, Jacob}, 
	journal={International Journal of Bank Marketing}, 
	volume={14},
	pages={3-13},
	year={1996},
	publisher={MCB UP Ltd}
}

@article{logitSegment, 
	title={Application of Logit Regression Models for the Identification of Market Segments}, 
	volume={8}, 
	number={4}, 
	journal={Journal of Business Economics and Management}, 
	author={Burinskienė, Marija and Rudzkienė, Vitalija}, 
	year={2007}, 
	pages={253–258},
	publisher={Taylor and Francis}
}

@article{reviewSegment, 
	title={Market Segmentation: A Review}, 
	author={Beane and Ennis}, 
	journal={European Journal of Marketing}, 
	volume={21},
	number={5},
	pages={20-42},
	year={2007},
	publisher={MCB UP Ltd}
}

@article{emSegment, 
	title={Consumer Segmentation Via Latent Class Analysis}, 
	author={Green, Paul and Carmone, Frank and Wachspress, David}, 
	journal={Journal of Consumer Research}, 
	volume={3},
	number={3},
	pages={170-174},
	year={1976},
	publisher={Oxford University Press}
}

@article{strSegment, 
	title={CA structural equation model of latent segmentation and product choice for cross-sectional revealed preference choice data}, 
	author={Swait, Joffre}, 
	journal={Journal of Retailing and Consumer Services}, 
	volume={1},
	number={2},
	pages={77-89},
	year={1994}
}

@article{nnSegment, 
	title={Artificial neural networks: A new methodology for industrial market segmentation}, 
	author={Fish, Kelly and Barnes, James and AikenAssistant, Milam}, 
	journal={Industrial Marketing Management}, 
	volume={24},
	number={6},
	pages={431-438},
	year={1995}
}

@article{Tuma2013fmm,
	author={Tuma,Michael and Decker,Reinhold},
	year={2013},
	month={05},
	title={Finite Mixture Models in Market Segmentation: A Review and Suggestions for Best Practices},
	journal={Electronic Journal of Business Research Methods},
	volume={11},
	number={1},
	pages={2-15}
}

@Article{Sarstedt2008fmm,
	author={Sarstedt, Marko},
	title={Market segmentation with mixture regression models: Understanding measures that guide model selection},
	journal={Journal of Targeting, Measurement and Analysis for Marketing},
	year={2008},
	volume={16},
	number={3},
	pages={228--246},
	issn={1479-1862},
	url={http://dx.doi.org/10.1057/jt.2008.9}
}

@article{Gupta1994fmm,
	ISSN = {00222437},
	URL = {http://www.jstor.org/stable/3151952},
	author = {Sachin Gupta and Pradeep K. Chintagunta},
	journal = {Journal of Marketing Research},
	number = {1},
	pages = {128-136},
	publisher = {American Marketing Association},
	title = {On Using Demographic Variables to Determine Segment Membership in Logit Mixture Models},
	volume = {31},
	year = {1994}
}

@article{Green1976fmm,
	ISSN = {00935301, 15375277},
	URL = {http://www.jstor.org/stable/2488902},
	author = {Paul E. Green and Frank J. Carmone and David P. Wachspress},
	journal = {Journal of Consumer Research},
	number = {3},
	pages = {170-174},
	publisher = {Oxford University Press},
	title = {Consumer Segmentation via Latent Class Analysis},
	volume = {3},
	year = {1976}
}

@article{Jedidi1997fmm,
	ISSN = {07322399, 1526548X},
	URL = {http://www.jstor.org/stable/184129},
	author = {Kamel Jedidi and Harsharanjeet S. Jagpal and Wayne S. DeSarbo},
	journal = {Marketing Science},
	number = {1},
	pages = {39-59},
	publisher = {INFORMS},
	title = {Finite-Mixture Structural Equation Models for Response-Based Segmentation and Unobserved Heterogeneity},
	volume = {16},
	year = {1997}
}

@article{Wedel2002fmm,
	author={Wedel,Michel and Desarbo,Wayne S.},
	year={2002},
	month={02},
	title={Market Segment Derivation and Profiling Via a Finite Mixture Model Framework},
	journal={Marketing Letters},
	volume={13},
	number={1},
	pages={17-25}
}

@article{jbes1,
	ISSN = {07350015},
	URL = {http://www.jstor.org/stable/25800803},
	author = {Rick L. Andrews and Imran S. Currim and Peter S. H. Leeflang},
	journal = {Journal of Business and Economic Statistics},
	number = {2},
	pages = {319-326},
	publisher = {American Statistical Association},
	title = {A Comparison of Sales Response Predictions From Demand Models Applied to Store-Level versus Panel Data},
	volume = {29},
	year = {2011}
}

@article{melnykov2010,
	author = "Melnykov, Volodymyr and Maitra, Ranjan",
	fjournal = "Statistics Surveys",
	journal = "Statist. Surv.",
	pages = "80--116",
	publisher = "The American Statistical Association, the Bernoulli Society, the Institute of Mathematical Statistics, and the Statistical Society of Canada",
	title = "Finite mixture models and model-based clustering",
	volume = "4",
	year = "2010"
}

@inproceedings{Wagstaff:2001,
	author = {Wagstaff, Kiri and Cardie, Claire and Rogers, Seth and Schr\"{o}dl, Stefan},
	title = {Constrained K-means Clustering with Background Knowledge},
	booktitle = {Proceedings of the Eighteenth International Conference on Machine Learning},
	series = {ICML '01},
	year = {2001},
	isbn = {1-55860-778-1},
	pages = {577--584},
	numpages = {8},
	publisher = {Morgan Kaufmann Publishers Inc.},
	address = {San Francisco, CA, USA}
} 

@Inbook{Berkhin2006,
	author="Berkhin, P.",
	title="A Survey of Clustering Data Mining Techniques",
	bookTitle="Grouping Multidimensional Data: Recent Advances in Clustering",
	year="2006",
	publisher="Springer Berlin Heidelberg",
	address="Berlin, Heidelberg",
	pages="25--71",
	isbn="978-3-540-28349-2"
}

@Book{basu2009constrained,
	author = {Basu, Sugato},
	title = {Constrained clustering : Advances in algorithms, theory, and applications},
	publisher = {CRC Press},
	year = {2009},
	address = {Boca Raton},
	isbn = {9781584889960}
}

@article{davidson2007survey,
	title={A survey of clustering with instance level constraints},
	author={Davidson, Ian and Basu, Sugato},
	journal={ACM Transactions on Knowledge Discovery from Data},
	pages={1--41},
	year={2007}
}

@phdthesis{wagstaff2002intelligent,
	title={Intelligent clustering with instance-level constraints},
	author={Wagstaff, Kiri Lou},
	year={2002},
	school={Cornell University}
}

@inproceedings{xing2002distance,
	title={Distance metric learning with application to clustering with side-information},
	author={Xing, Eric P and Ng, Andrew Y and Jordan, Michael I and Russell, Stuart},
	booktitle={NIPS},
	volume={15},
	number={505-512},
	pages={12},
	year={2002}
}

@inproceedings{davidson2007efficient,
	title={Efficient incremental constrained clustering},
	author={Davidson, Ian and Ravi, SS and Ester, Martin},
	booktitle={Proceedings of the 13th ACM SIGKDD international conference on Knowledge discovery and data mining},
	pages={240--249},
	year={2007},
	organization={ACM}
}

@inproceedings{davidson2005agglomerative,
	title={Agglomerative hierarchical clustering with constraints: Theoretical and empirical results},
	author={Davidson, Ian and Ravi, SS},
	booktitle={European Conference on Principles of Data Mining and Knowledge Discovery},
	pages={59--70},
	year={2005},
	organization={Springer}
}

@inproceedings{law2005model,
	title={Model-based clustering with probabilistic constraints},
	author={Law, Martin HC and Topchy, Alexander and Jain, Anil K},
	booktitle={Proceedings of the 2005 SIAM international conference on data mining},
	pages={641--645},
	year={2005},
	organization={SIAM}
}

@inproceedings{yang2001feasible,
	title={A feasible method to find areas with constraints using hierarchical depth-first clustering},
	author={Yang, Kwang-Su and Yang, Ruixin and Kafatos, Menas},
	booktitle={Scientific and Statistical Database Management, 2001. SSDBM 2001. Proceedings. Thirteenth International Conference on},
	pages={257--262},
	year={2001},
	organization={IEEE}
}

@article{yan2006discriminative,
	title={A discriminative learning framework with pairwise constraints for video object classification},
	author={Yan, Rong and Zhang, Jian and Yang, Jie and Hauptmann, Alexander G},
	journal={IEEE transactions on pattern analysis and machine intelligence},
	volume={28},
	number={4},
	pages={578--593},
	year={2006},
	publisher={IEEE}
}

@article{segal2003discovering,
	title={Discovering molecular pathways from protein interaction and gene expression data},
	author={Segal, Eran and Wang, Haidong and Koller, Daphne},
	journal={Bioinformatics},
	volume={19},
	number={suppl 1},
	pages={i264--i272},
	year={2003},
	publisher={Oxford Univ Press}
}

@article{dhillon2001efficient,
	title={Efficient clustering of very large document collections},
	author={Dhillon, Inderjit S and Fan, James and Guan, Yuqiang},
	journal={Data mining for scientific and engineering applications},
	volume={2},
	pages={357--381},
	year={2001}
}

@article{chaurasia2012using,
	title={Using AIC in multiple linear regression framework with multiply imputed data},
	author={Chaurasia, Ashok and Harel, Ofer},
	journal={Health Services and Outcomes Research Methodology},
	volume={12},
	number={2-3},
	pages={219--233},
	year={2012},
	publisher={Springer}
}

@inproceedings{safe2004stopping,
	title={On stopping criteria for genetic algorithms},
	author={Safe, Mart{\'\i}n and Carballido, Jessica and Ponzoni, Ignacio and Brignole, N{\'e}lida},
	booktitle={Brazilian Symposium on Artificial Intelligence},
	pages={405--413},
	year={2004},
	organization={Springer}
}

